@Book{iir,
author	= "Christopher D. Manning and Prabhakar Paghavan and Hinrich Schutze",
publisher	= "Cambridge University Press",
title	=	"Introduction to Information Retrieval",
year	= 2008 
}

@Article{parsing_tex,
author	= "Richard J and Fateman and Eylon Caspi",
title	= "Parsing TEX into Mathematics",
journal	= "SIGSAM Bulletin (ACM Special Interest Group on Symbolic and Algebraic Manipulation) ",
year = 1999,
}

@Article{ov,
author	= "Akiko Aizawa and Michael Kohlhase and Iadh Ounis",
title = "NTCIR-11 Math-2 Task Overview",
journal =  {The 11th NTCIR Conference},
year = 2014,
}

@misc{ntcirtopic,
  title = {Topics for the NTCIR-10 Math Task Full-Text Search Queries},
  howpublished = {\url{http://ntcir-math.nii.ac.jp/wp-content/blogs.dir/13/files/2014/02/NTCIR10-math-topics.pdf}},
  note = {Accessed: 2015-03-31}
}

@Article{Youssef03,
author	= "Miller B. and Youssef A.",
title = "Technical Aspects of the Digital Library of Mathematical Functions.",
journal =  {Annals of Mathematics and Artificial Intelligence 38(1-3), 121–136},
year = 2003,
}
@Article{Youssef05,
author	= "Youssef A.",
title = "Information Search and Retrieval of Mathematical Contents: Issues and Methods.",
journal =  {The ISCA 14th Int’l Conf. on Intelligent and Adaptive Systems and Software Engineering (IASSE 2005)},
year = 2005,
}
@Article{Youssef14,
author	= "Qun Zhang and Abdou Youssef",
title = "An Approach to Math-Similarity Search",
journal =  {Intelligent Computer Mathematics. International Conference, CICM},
year = 2014,
}

@Book{queryf_datan07,
author	= "Robert Miner and Rajesh Munavalli",
publisher	= "Springer Berlin Heidelberg",
title	=	"An Approach to Mathematical Search Through Query Formulation and Data Normalization",
year	= 2007 
}

@Article{extending08,
author	= "Mišutka, Jozef and Galamboš, Leo",
title = "Extending Full Text Search Engine for Mathematical Content",
journal =  {Towards Digital Mathematics Library.},
year = 2008,
}

@Article{mias11,
author	= "Petr Sojka and Martin Líška",
title = "The Art of Mathematics Retrieval",
journal =  {ACM Conference on Document Engineering, DocEng 2011},
year = 2011,
}

@Article{WikiMirs13,
author="Xuan Hu and Liangcai Gao and Xiaoyan Lin and Zhi Tang and Xiaofan Lin and Josef B. Baker", 
title = "WikiMirs: A Mathematical Information Retrieval System for Wikipedia",
journal =  {Proceedings of the 13th ACM/IEEE-CS joint conference on Digital libraries. Pages 11-20},
year = 2013,
}

@mastersthesis{ egomath13,
author = "Jozef Misutka",
title = "Mathematical Search Engine",
school = "Charles University in Prague",
month = "May",
year = "2013"
}

@Article{symbolpairs15,
author="David Stalnaker and Richard Zanibbi", 
title = "Math Expression Retrieval Using an Inverted Index Over Symbol Pairs",
journal =  {Proc. SPIE 9402, Document Recognition and Retrieval XXII, 940207},
year = 2015,
}
