@article{goodsurvey,
year={2012},
journal={International Journal on Document Analysis and Recognition (IJDAR)},
volume={15},
number={4},
title={Recognition and retrieval of mathematical expressions},
publisher={Springer-Verlag},
author={Zanibbi, Richard and Blostein, Dorothea},
pages={331-357},
}

@Article{ov,
author	= "Akiko Aizawa and Michael Kohlhase and Iadh Ounis",
title = "NTCIR-11 Math-2 Task Overview",
journal =  {The 11th NTCIR Conference},
year = 2014,
}

@misc{ntcirtopic,
  title = {Topics for the NTCIR-10 Math Task Full-Text Search Queries},
  howpublished = {http://ntcir-math.nii.ac.jp/wp-content/blogs.dir/13/files/2014/02/NTCIR10-math-topics.pdf},
  note = {Accessed: 2015-03-31}
}

@Article{Youssef03,
author	= "Miller B. and Youssef A.",
title = "Technical Aspects of the Digital Library of Mathematical Functions.",
journal =  {Annals of Mathematics and Artificial Intelligence 38(1-3), 121–136},
year = 2003,
}
@Article{Youssef05,
author	= "Youssef A.",
title = "Information Search and Retrieval of Mathematical Contents: Issues and Methods.",
journal =  {The ISCA 14th Int’l Conf. on Intelligent and Adaptive Systems and Software Engineering (IASSE 2005)},
year = 2005,
}
@Article{Youssef14,
author	= "Qun Zhang and Abdou Youssef",
title = "An Approach to Math-Similarity Search",
journal =  {Intelligent Computer Mathematics. International Conference, CICM},
year = 2014,
}

@Article{mias11a,
author	= "Petr Sojka and Martin L",
title = "Indexing and Searching Mathematics in Digital Libraries",
journal =  {Intelligent Computer Mathematics},
volume = "6824",
pages="228-243",
year = 2011,
}

@Article{mias11,
author	= "Petr Sojka and Martin L",
title = "The Art of Mathematics Retrieval",
journal =  {ACM Conference on Document Engineering, DocEng 2011},
year = 2011,
}

@mastersthesis{ mias:thesis,
author = "Martin L",
title = "Evaluation of Mathematics Retrieval",
school = "Masarykova University",
year = "2013"
}

@Book{graf96,
author	= "Peter Graf.",
title = "Term Indexing",
publisher	= "Springer Verlag",
year = 1996,
}

@INPROCEEDINGS{Kohlhase06,
    author = {Michael Kohlhase and Ioan A. S¸ucan},
    title = {A search engine for mathematical formulae},
    booktitle = {Proc. of Artificial Intelligence and Symbolic Computation, number 4120 in LNAI},
    year = {2006},
    pages = {241--253},
    publisher = {Springer}
}
@unpublished{Kohlhase0p4,
	author = {Michael Kohlhase},
	title = {MathWebSearch 0.4 A Semantic Search Engine for Mathematics}
}
@unpublished{Kohlhase0p5,
	author = {Michael Kohlhase},
	title = {MathWebSearch 0.5: Scaling an Open Formula Search Engine}
}
